@article{han2013,
  title={The impacts of climate shocks on child mortality in Mali},
  author={Han, Peter and Foltz, Jeremy D},
  year={2013}
}

@article{ponnusamy2022,
  title={Rainfall shocks, child mortality, and water infrastructure},
  author={Ponnusamy, Sundar},
  journal={Health Economics},
  volume={31},
  number={7},
  pages={1317--1338},
  year={2022},
  publisher={Wiley Online Library}
}

@article{meierrieks2021,
  title={Weather shocks, climate change and human health},
  author={Meierrieks, Daniel},
  journal={World Development},
  volume={138},
  pages={105228},
  year={2021},
  publisher={Elsevier}
}

@article{portner2010,
author = {Pörtner, Claus},
year = {2010},
pages = {},
title = {Natural Hazards and Child Health},
journal = {SSRN Electronic Journal},
doi = {10.2139/ssrn.1599432}
}

@article{borjean2012,
author = {Araujo Bonjean, Catherine and Brunelin, Stéphanie and Simonet, Catherine},
year = {2012},
pages = {},
title = {Impact of climate related shocks on child's health in Burkina Faso}
}

@article{akresh2012,
author = {Akresh, Richard and Bagby, Emilie and de Walque, Damien and Kazianga, Harounan},
year = {2012},
pages = {},
title = {Child Labor, Schooling, and Child Ability}
}

@article{rabassa2014,
    author = {Rabassa, Mariano and Skoufias, Emmanuel and Jacoby, Hanan},
    title = "{Weather and Child Health in Rural Nigeria}",
    journal = {Journal of African Economies},
    volume = {23},
    number = {4},
    pages = {464-492},
    year = {2014},
    issn = {0963-8024},
    doi = {10.1093/jae/eju005},
    url = {https://doi.org/10.1093/jae/eju005},
    eprint = {https://academic.oup.com/jae/article-pdf/23/4/464/2241888/eju005.pdf},
}

@article{dell2014,
Author = {Dell, Melissa and Jones, Benjamin F. and Olken, Benjamin A.},
Title = {What Do We Learn from the Weather? The New Climate-Economy Literature},
Journal = {Journal of Economic Literature},
Volume = {52},
Number = {3},
Year = {2014},
Month = {September},
Pages = {740–98},
DOI = {10.1257/jel.52.3.740},
URL = {https://www.aeaweb.org/articles?id=10.1257/jel.52.3.740}}

@article{caruso2024,
  title={Climate changes affect human capital},
  author={Caruso, Germ{\'a}n and de Marcos, In{\'e}s and Noy, Ilan},
  journal={Economics of Disasters and Climate Change},
  volume={8},
  number={1},
  pages={157--196},
  year={2024},
  publisher={Springer}
}

@article{strand2012,
    author = {Strand, Linn B. and Barnett, Adrian G. and Tong, Shilu},
    title = "{Maternal Exposure to Ambient Temperature and the Risks of Preterm Birth and Stillbirth in Brisbane, Australia}",
    journal = {American Journal of Epidemiology},
    volume = {175},
    number = {2},
    pages = {99-107},
    year = {2012},
    issn = {0002-9262},
    doi = {10.1093/aje/kwr404},
    url = {https://doi.org/10.1093/aje/kwr404},
    eprint = {https://academic.oup.com/aje/article-pdf/175/2/99/17339479/kwr404.pdf},
}

@article{dimitrova2020,
  title={Monsoon weather and early childhood health in India},
  author={Dimitrova, Anna and Bora, Jayanta Kumar},
  journal={PloS one},
  volume={15},
  number={4},
  pages={e0231479},
  year={2020},
  publisher={Public Library of Science San Francisco, CA USA}
}

@article{nguyen2022,
  title={Droughts and child health in Bangladesh},
  author={Le, Kien and Nguyen, My},
  journal={Plos one},
  volume={17},
  number={3},
  pages={e0265617},
  year={2022},
  publisher={Public Library of Science San Francisco, CA USA}
}

@misc{Hersbach2023,
  author       = {Hersbach, H. and Bell, B. and Berrisford, P. and Biavati, G. and Horányi, A. and Muñoz Sabater, J. and Nicolas, J. and Peubey, C. and Radu, R. and Rozum, I. and Schepers, D. and Simmons, A. and Soci, C. and Dee, D. and Thépaut, J-N.},
  title        = {ERA5 hourly data on single levels from 1940 to present},
  year         = {2023},
  publisher    = {Copernicus Climate Change Service (C3S) Climate Data Store (CDS)},
  doi          = {10.24381/cds.adbb2d47},
  note         = {Accessed on DD-MMM-YYYY}
}
